@article{
    PushOverview,
    author = {Sriram S. Rao and Harrick M. Vin and Ashis Tarafdar},
    title = {{Comparative Evaluation of Server-push and Client-pull Architectures for Multimedia Servers}},
    booktitle = {Network and Operating System Support for Digital Audio and Video},
    year = {1996},
    masid = {2858750}
}
@article{
    Ajax,
    author = {Chrisina Draganova and Vassil Vassilev},
    title = {{Teaching AJAX in web-centric courses}},
    journal = {ACM Sigcse Bulletin},
    volume = {39},
    year = {2007},
    pages = {311--311},
    issue = {3},
    doi = {10.1145/1269900.1268877},
    masid = {14413220}
}
@article{
    UnixBook,
    author = {W. Richard Stevens and Thomas Narten},
    title = {{Unix network programming}},
    volume = {20},
    year = {1990},
    pages = {8--9},
    issue = {2},
    doi = {10.1145/378570.378600},
    masid = {879261}
}


@article{
    ReverseProxy,
    author = {http://en.wikipedia.org/wiki/Reverse\_proxy},
    title = {{Reverse Proxy}}
}

@article{
    PubSub,
    author = {en.wikipedia.org/wiki/Publish\_subscribe\_pattern},
    title = {{Publish Subscribe Pattern}}
}

@article{
    LongPolling,
    author = {http://en.wikipedia.org/wiki/Comet\_(programming)},
    title = {{Comet Programming}}
}
@article{
    Twisted,
    author = {http://www.twistedmatrix.com/},
    title = {{Twisted Matrix Lab}}
}
@article{
    HAProxy,
    author = {http://haproxy.1wt.eu/},
    title = {{HAProxy Official Website}}
}
@article{
    Linus,
    author = {http://en.wikipedia.org/wiki/Linus'\_Law},
    title = {{Linus's Law}}
}
@article{
    Tornado,
    author = {http://www.tornadoweb.org/},
    title = {{Tornado Web Server}}
}
@article{
    CometD,
    author = {http://cometd.org/},
    title = {{Official Website of CometD}}
}
@article{
    GoLang,
    author = {http://golang.org/},
    title = {{The Go Programming Language}}
}
@article{
   Reactor,
   author = {Douglas C. Schmidt},
   title = {{Using design patterns to develop reusable object-oriented communication software}},
   journal = {Communications of The ACM},
   volume = {38},
   year = {1995},
   pages = {65--74},
   issue = {10},
   doi = {10.1145/226239.226255},
   masid = {218148}
}
@article{
   Engin,
   author = {Engin Bozdag and Ali Mesbah and Arie Van Deursen},
   title = {{A Comparison of Push and Pull Techniques for Ajax}},
   journal = {Computing Research Repository},
   volume = {abs/0706.3},
   year = {2007},
   doi = {10.1109/WSE.2007.4380239},
   masid = {4367642}
}
@article{duquennoy09consistency,
  author = {Simon Duquennoy and Gilles Grimaud and Jean-Jacques Vandewalle},
  title = {{Consistency and scalability in event notification for embedded Web applications}},
  booktitle = {Proceedings of the International Symposium on Web Systems Evolution (IEEE WSE 2009)},
  month = sep,
  year = 2009,
  address = {Edmonton, Canada},
  pdf = {http://www.simonduquennoy.net/papers/duquennoy09consistency.pdf}
}
@article{C10K,
    author = {Kegel, Dan},
    citeulike-article-id = {4284534},
    citeulike-linkout-0 = {http://www.kegel.com/c10k.html},
    day = {2},
    howpublished = {Web article},
    institution = {Kegel.com},
    keywords = {network, performance},
    month = sep,
    posted-at = {2009-04-07 16:32:34},
    priority = {2},
    title = {The {C10K} problem},
    url = {http://www.kegel.com/c10k.html},
    year = {2006}
}
@article{
    David,
    author = {David Pariag and Tim Brecht and Ashif Harji and Peter Buhr and Amol Shukla and David R. Cheriton},
    title = {{Comparing the performance of web server architectures}},
    journal = {Operating Systems Review},
    volume = {41},
    year = {2007},
    pages = {231--243},
    issue = {3},
    doi = {10.1145/1272998.1273021},
    masid = {14417825}
}
@article{
   BTree,
   author = {Douglas E. Comer},
   title = {{The Ubiquitous B-Tree}},
   journal = {ACM Computing Surveys},
   volume = {11},
   year = {1979},
   pages = {121--137},
   issue = {2},
   doi = {10.1145/356770.356776},
   masid = {781215}
}
