@article{
    PushOverview,
    author = {Sriram S. Rao and Harrick M. Vin and Ashis Tarafdar},
    title = {{Comparative Evaluation of Server-push and Client-pull Architectures for Multimedia Servers}},
    booktitle = {Network and Operating System Support for Digital Audio and Video},
    year = {1996},
    masid = {2858750}
}
@article{
    Ajax,
    author = {Chrisina Draganova and Vassil Vassilev},
    title = {{Teaching AJAX in web-centric courses}},
    journal = {ACM Sigcse Bulletin},
    volume = {39},
    year = {2007},
    pages = {311--311},
    issue = {3},
    doi = {10.1145/1269900.1268877},
    masid = {14413220}
}
@article{
    UnixBook,
    author = {W. Richard Stevens and Thomas Narten},
    title = {{Unix network programming}},
    volume = {20},
    year = {1990},
    pages = {8--9},
    issue = {2},
    doi = {10.1145/378570.378600},
    masid = {879261}
}


@article{
    ReverseProxy,
    author = {http://en.wikipedia.org/wiki/Reverse\_proxy},
    title = {{Reverse Proxy}}
}

@article{
    PubSub,
    author = {en.wikipedia.org/wiki/Publish\_subscribe\_pattern},
    title = {{Publish Subscribe Pattern}}
}

@article{
    LongPolling,
    author = {http://en.wikipedia.org/wiki/Comet\_(programming)},
    title = {{Comet Programming}}
}
@article{
    Twisted,
    author = {http://www.twistedmatrix.com/},
    title = {{Twisted Matrix Lab}}
}
@article{
   Reactor,
   author = {Douglas C. Schmidt},
   title = {{Using design patterns to develop reusable object-oriented communication software}},
   journal = {Communications of The ACM},
   volume = {38},
   year = {1995},
   pages = {65--74},
   issue = {10},
   doi = {10.1145/226239.226255},
   masid = {218148}
}
@article{
   Engin,
   author = {Engin Bozdag and Ali Mesbah and Arie Van Deursen},
   title = {{A Comparison of Push and Pull Techniques for Ajax}},
   journal = {Computing Research Repository},
   volume = {abs/0706.3},
   year = {2007},
   doi = {10.1109/WSE.2007.4380239},
   masid = {4367642}
}
@article{duquennoy09consistency,
  author = {Simon Duquennoy and Gilles Grimaud and Jean-Jacques Vandewalle},
  title = {{Consistency and scalability in event notification for embedded Web applications}},
  booktitle = {Proceedings of the International Symposium on Web Systems Evolution (IEEE WSE 2009)},
  month = sep,
  year = 2009,
  address = {Edmonton, Canada},
  pdf = {http://www.simonduquennoy.net/papers/duquennoy09consistency.pdf}
}
